<?xml version="1.0" encoding="UTF-8"?><record xmlns="http://www.loc.gov/MARC21/slim" xmlns:cinclude="http://apache.org/cocoon/include/1.0" xmlns:zs="http://www.loc.gov/zing/srw/">
  <leader>00452cz  a2200121n  4500</leader>
  <controlfield tag="001">n  88290727 </controlfield>
  <controlfield tag="003">DLC</controlfield>
  <controlfield tag="005">19900818065800.6</controlfield>
  <controlfield tag="008">900724n| acannaab|          |n aaa ||| b</controlfield>
  <datafield tag="010" ind1=" " ind2=" ">
    <subfield code="a">n  88290727 </subfield>
  </datafield>
  <datafield tag="040" ind1=" " ind2=" ">
    <subfield code="a">DNLM</subfield>
    <subfield code="c">DLC</subfield>
  </datafield>
  <datafield tag="100" ind1="1" ind2="0">
    <subfield code="a">Hardy, Robert M.</subfield>
  </datafield>
  <datafield tag="670" ind1=" " ind2=" ">
    <subfield code="a">Feeney, D.A. Atlas of correlative imaging anatomy of the normal dog, 1991:</subfield>
    <subfield code="b">CIP t.p. (Robert M. Hardy, D.V.M., M.S.; prof. of vet. internal med., Coll. of Vet. Med., Univ. of Minn., St. Paul, Minn.)</subfield>
  </datafield>
</record>